<record><leader>00000cas a2200000 a 4500</leader><controlfield tag="001">40386972</controlfield><controlfield tag="008">981123d19711971cauwr ne      0    0eng c</controlfield><datafield ind1=" " ind2=" " tag="010"><subfield code="a">sn 98061390 </subfield></datafield><datafield ind1=" " ind2=" " tag="040"><subfield code="a">CNK</subfield><subfield code="b">eng</subfield><subfield code="c">CNK</subfield><subfield code="d">OCLCQ</subfield><subfield code="d">CNK</subfield><subfield code="d">OCLCQ</subfield><subfield code="d">OCLCF</subfield><subfield code="d">OCLCO</subfield></datafield><datafield ind1="1" ind2=" " tag="029"><subfield code="a">AU@</subfield><subfield code="b">000014355888</subfield></datafield><datafield ind1=" " ind2=" " tag="042"><subfield code="a">pcc</subfield></datafield><datafield ind1=" " ind2=" " tag="043"><subfield code="a">n-us-ca</subfield></datafield><datafield ind1="0" ind2="0" tag="245"><subfield code="a">Messenger and breeze advertiser.</subfield></datafield><datafield ind1="1" ind2=" " tag="246"><subfield code="i">Occasionally published as:</subfield><subfield code="a">Messenger</subfield><subfield code="f">May 12-Aug. 18, 1971</subfield></datafield><datafield ind1="1" ind2="3" tag="246"><subfield code="a">Redondo reflex and the Manhattan Beach messenger</subfield></datafield><datafield ind1=" " ind2=" " tag="260"><subfield code="a">Torrance, Calif. :</subfield><subfield code="b">Daily Breeze Pub. Co.</subfield></datafield><datafield ind1=" " ind2=" " tag="300"><subfield code="a">v.</subfield></datafield><datafield ind1=" " ind2=" " tag="310"><subfield code="a">Weekly</subfield></datafield><datafield ind1="0" ind2=" " tag="362"><subfield code="a">Vol. 35, no. 21 (Apr. 7, 1971)-v. 66, no. 40 (Aug. 25, 1971).</subfield></datafield><datafield ind1=" " ind2=" " tag="500"><subfield code="a">"And Breeze Advertiser" appears in small print below "Messenger."</subfield></datafield><datafield ind1=" " ind2=" " tag="500"><subfield code="a">"Manhattan Beach-Hermosa Beach-Lawndale."</subfield></datafield><datafield ind1=" " ind2=" " tag="515"><subfield code="a">Vol. designation changed from v. 35, no. 26 (May 12, 1971) to v. 66, no. 27 (May 19, 1971).</subfield></datafield><datafield ind1=" " ind2=" " tag="530"><subfield code="a">Master negatives are available for duplication from:</subfield><subfield code="b">California Newspaper Microfilm Archive;</subfield><subfield code="c">positive copies may be purchased by the reel; for further information consult the CNMA at:</subfield><subfield code="u">http://cbsr.ucr.edu</subfield></datafield><datafield ind1=" " ind2="0" tag="651"><subfield code="a">Manhattan Beach (Calif.)</subfield><subfield code="v">Newspapers.</subfield></datafield><datafield ind1=" " ind2="0" tag="651"><subfield code="a">Hermosa Beach (Calif.)</subfield><subfield code="v">Newspapers.</subfield></datafield><datafield ind1=" " ind2="0" tag="651"><subfield code="a">Redondo Beach (Calif.)</subfield><subfield code="v">Newspapers.</subfield></datafield><datafield ind1=" " ind2="0" tag="651"><subfield code="a">Lawndale (Calif.)</subfield><subfield code="v">Newspapers.</subfield></datafield><datafield ind1=" " ind2="7" tag="655"><subfield code="a">Newspapers.</subfield><subfield code="2">fast</subfield><subfield code="0">(OCoLC)fst01423814</subfield></datafield><datafield ind1=" " ind2="7" tag="651"><subfield code="a">California</subfield><subfield code="z">Hermosa Beach.</subfield><subfield code="2">fast</subfield><subfield code="0">(OCoLC)fst01250343</subfield></datafield><datafield ind1=" " ind2="7" tag="651"><subfield code="a">California</subfield><subfield code="z">Lawndale.</subfield><subfield code="2">fast</subfield><subfield code="0">(OCoLC)fst01219060</subfield></datafield><datafield ind1=" " ind2="7" tag="651"><subfield code="a">California</subfield><subfield code="z">Manhattan Beach.</subfield><subfield code="2">fast</subfield><subfield code="0">(OCoLC)fst01214289</subfield></datafield><datafield ind1=" " ind2="7" tag="651"><subfield code="a">California</subfield><subfield code="z">Redondo Beach.</subfield><subfield code="2">fast</subfield><subfield code="0">(OCoLC)fst01220411</subfield></datafield><datafield ind1=" " ind2=" " tag="752"><subfield code="a">United States</subfield><subfield code="b">California</subfield><subfield code="c">Los Angeles</subfield><subfield code="d">Torrance.</subfield></datafield><datafield ind1="0" ind2="0" tag="780"><subfield code="t">Breeze advertiser and Manhattan messenger</subfield><subfield code="w">(DLC)sn 98061389</subfield></datafield><datafield ind1="0" ind2="0" tag="785"><subfield code="t">Messenger (Torrance, Calif.)</subfield><subfield code="w">(DLC)sn 98061391</subfield></datafield></record>